@online{htmlcom,
author       = {Wikibooks},
title        = {Placeholder image},
organization = {HTML.com},
date         = {2022},
urldate      = {2022-03-02},
url          = {https://html.com}
}
